@techreport{khalil2025multimodal,
  title        = {Multimodal AI for Predicting and Phenotyping Cerebrospinal Fluid $\alpha$-Synuclein Status in Parkinson’s Disease: A Pilot Study},
  author       = {Jasmine Khalil and Chandrajit Bajaj},
  year         = {2025},
  institution  = {University of Texas at Austin},
  note         = {Technical Report, Oden Institute, supported by the Peter O'Donnell Foundation, the Michael J. Fox Foundation, and the Jim Holland–Backcountry and Michael–Connie Rasor Foundations}
}

@techreport{dominick2025brain,
  title        = {Utilizing Brain Region Specific T1-MRI and DAT-SPECT Imaging Biomarkers for Enhanced Differential Diagnosis of CSFSAA Parkinson’s Positive and CSFSAA Negative Parkinsonisms},
  author       = {Aaron Dominick and Chandrajit Bajaj},
  year         = {2025},
  institution  = {Computational Visualization Center, Oden Institute for Computational Engineering and Sciences, University of Texas at Austin},
  note         = {Technical Report, supported by the Michael J. Fox Foundation and gifts from Backcountry–Jim Holland and Michael–Connie Rasor}
}

@techreport{bajaj2025bayesian,
  title        = {Bayesian Clustering and Co-Clustering of Patient Brain Imaging for Enhanced Prediction of Parkinson’s Disease Severity},
  author       = {Chandrajit Bajaj and Aaron Dominick},
  year         = {2025},
  institution  = {Computational Visualization Center, Oden Institute for Computational Engineering and Sciences, University of Texas at Austin},
  note         = {Technical Report, in progress}
}

@techreport{vinod2025compositional,
  title        = {Compositional Bayesian Co-Clustering of Diffusion Tensor Imaging (DTI) Biomarkers with Clinical Measures for Enhanced Prediction of Parkinson Disease Severity},
  author       = {Ashwin Vinod and Chandrajit Bajaj},
  year         = {2025},
  institution  = {Computational Visualization Center, Oden Institute for Computational Engineering and Sciences, University of Texas at Austin},
  note         = {Technical Report, in progress}
}

@techreport{tirhekar2025comprehensive,
  title        = {Comprehensive Parkinson’s Disease Mechanism Inference Analysis: Complete Methodology, All 36 Claims, Code Evidence, and Deep Interpretations},
  author       = {Harsh Milind Tirhekar and Priyanshi Yadav},
  year         = {2025},
  institution  = {Computational Neuroscience and Mechanism Inference, Parkinson’s Disease Research Project},
  note         = {Self-contained research documentation of the codebase},
  month        = {October},
  day          = {12},
  type         = {Technical Report}
}

@article{vinod2025scalable,
  title={Scalable Robust Bayesian Co-Clustering with Compositional ELBOs},
  author={Vinod, Ashwin and Bajaj, Chandrajit},
  journal={arXiv preprint arXiv:2504.04079},
  year={2025}
}
@article{APDM2015MobilityLab,
  title     = "Mobility Lab White Paper",
  author    = "APDM Wearable Technologies",
  journal   = "Technical White Paper",
  publisher = "APDM Inc.",
  year      = 2015,
  month     = may,
  url       = "https://www.apdm.com/wp-content/uploads/2015/05/02-Mobility-Lab-Whitepaper.pdf",
  language  = "en"
}
@article{APDM2023MobilityLabGuide,
  title     = "{Mobility Lab User Guide}",
  author    = "Clario and APDM Wearable Technologies",
  journal   = "Technical Documentation",
  publisher = "Clario",
  year      = 2023,
  url       = "https://share.apdm.com/documentation/MobilityLabUserGuide.pdf",
  language  = "en"
}